@ONLINE {hosteltur2020,
    author = "HOSTELTUR",
    title  = "El turismo es el sector que más riqueza aporta a la economía espalola",
    month  = "aug",
    year   = "2020",
    url    = "https://www.hosteltur.com/130893_el-turismo-el-sector-que-mas-riqueza-aporta-a-la-economia-espanola.html"
}

@ONLINE {raspberrypi,
    author = "Raspberry Pi",
    title  = "Raspberry Pi Zero W",
    url    = "https://www.raspberrypi.org/products/raspberry-pi-zero-w/"
}

@ONLINE {eternoir2019,
    author = "eternoir",
    title  = "PiTelegramBotApi",
    month  = "jun",
    year   = "2019",
    url    = "https://github.com/eternnoir/pyTelegramBotAPI"
}
@ONLINE {juanjocerezo2018,
    author = "Juanjo Cerezo",
    title  = "Los apartamentos turísticos, a comerse el mercado",
    month  = "apr",
    year   = "2018",
    url    = "https://www.ideal.es/datalab/apartamentos-turisticos-comerse-20180330182815-nt.html"
}
@ONLINE {airbnb2018,
    author = "Airbnb",
    title  = "¿Cómo sincronizo mi calendario de Airbnb con otro calendario?",
    url    = "https://www.airbnb.es/help/article/99/como-sincronizo-mi-calendario-de-airbnb-con-otro-calendario"
}
@ONLINE {booking2018,
    author = "Booking",
    title  = "¿Qué son las respuestas automáticas y cómo puedo añadir plantillas de mensajes?",
    url    = "https://partner.booking.com/es/ayuda/reservas/"
}
@ONLINE {raixer2018,
    author = "Raixer",
    title  = "Abrir puertas automáticamente",
    url    = "https://raixer.com/funcionamiento/abrir-puertas-automaticamente/"
}
@ONLINE {pricelabs2018,
    author = "Pricelabs",
    title  = "Increase revenue with data-driven pricing",
    url    = "https://hello.pricelabs.co/"
}
@ONLINE {itreseller2019,
    author = "Itreseller",
    title  = "El 85 por ciento de los españoles hace uso de apps de mensajería",
    month  = "jun",
    year   = "2019",
    url    = "https://www.itreseller.es/en-cifras/2019/06/el-85-de-los-espanoles-hace-uso-de-apps-de-mensajeria"
}
@ONLINE {samuelfernández2019,
    author = "Samuel Fernández",
    title  = "Un 95,1% de los españoles prefiere enviar un mensaje antes que llamar por teléfono, según Telefónica",
    month  = "apr",
    year   = "2019",
    url    = "https://www.xatakamovil.com/movil-y-sociedad/solo-12-espanoles-sigue-usando-telefono-fijo-solo-24-usa-movil-para-llamar"
}
@ONLINE {andrewlittlefield2018,
    author = "Andrew Littlefield",
    title  = "Por Andrew Littlefield en 11/09/2018 en Productividad Guía de metodología Scrum y Administración ágil de proyectos para principiantes",
    month  = "sep",
    year   = "2018",
    url    = "https://blog.trello.com/es/metodologia-scrum"
}
@ONLINE {redacciónapd2018,
    author = "Redacción APD",
    title  = "10 empresas afectadas por ciberataques que no imaginarías",
    month  = "jul",
    year   = "2018",
    url    = "https://www.apd.es/empresas-afectadas-por-ciberataques/"
}
@ONLINE {tibipuiu2020,
    author = "Tibi Puiu",
    title  = "Who really invented the internet?",
    month  = "feb",
    year   = "2020",
    url    = "https://www.zmescience.com/science/who-invented-the-internet-05264/"
}
@ONLINE {sorayapa2012,
    author = "sorayapa",
    title  = "Un poco de historia sobre el internet de las cosas",
    month  = "apr",
    year   = "2012",
    url    = "https://www.sorayapaniagua.com/2012/04/15/un-poco-de-historia-sobre-internet-de-las-cosas/"
}
@ONLINE {alba2017,
    author = "Alba",
    title  = "Acontecimientos que contribuyeron a la aparición del internet de las cosas",
    month  = "oct",
    year   = "2017",
    url    = "https://internetdelascosas10.activo.mx/t5-acontecimintos-que-contribuyeron-a-la-aparicion-del-internet-de-las-cosas"
}
@ONLINE {rubenandres2019,
    author = "Rubén Andrés",
    title  = "Raspberry Pi: la historia de un mini-PC que se ha convertido en un éxito de masas",
    month  = "sep",
    year   = "2019",
    url    = "https://computerhoy.com/reportajes/tecnologia/historia-raspberry-pi-482477"
}
@ONLINE {daveevans2011,
    author = "Dave Evans",
    title  = "Internet de las cosasCómo la próxima evolución de Internet lo cambia todo",
    month  = "apr",
    year   = "2011",
    url    = "https://www.cisco.com/c/dam/global/es_mx/solutions/executive/assets/pdf/internet-of-things-iot-ibsg.pdf"
}
@ONLINE {martinfernandez2017,
    author = "Martín Fernandez",
    title  = "Esto es lo que se espera del IoT para el 2020",
    month  = "feb",
    year   = "2017",
    url    = "http://blog.sitrack.com/esto-es-lo-que-se-espera-del-iot-para-el-2020"
}
@ONLINE {elenasantos2018,
    author = "Elena Santos",
    title  = "Los 13 mejores bots que puedes añadir a Telegram",
    month  = "jul",
    year   = "2018",
    url    = "https://www.genbeta.com/mensajeria-instantanea/los-13-mejores-bots-que-puedes-anadir-a-telegram"
}
@ONLINE {albertoiglesiasfraga2019,
    author = "Alberto Iglesias Fraga",
    title  = "Los asistentes inteligentes por voz se triplicarán en los próximos cinco años, según los expertos",
    month  = "feb",
    year   = "2019",
    url    = "https://www.businessinsider.es/habra-8000-millones-asistentes-virtuales-2023-374223"
}
@ONLINE {scrumguide,
    author = "Ken Schwaber and Jeff Sutherland",
    title  = "The Scrum Guide\texttrademark{} -- The Definitive Guide to Scrum: The Rules of the Game",
    month  = "jul",
    year   = "2016",
    url    = "http://www.scrumguides.org/docs/scrumguide/v2016/2016-Scrum-Guide-US.pdf"
}
@ONLINE {andrewlittlefield2016,
    author = "Andrew Littlefield",
    title  = "The Beginner’s Guide To Scrum And Agile Project Management",
    month  = "sep",
    year   = "2016",
    url    = "https://blog.trello.com/beginners-guide-scrum-and-agile-project-management"
}