@ONLINE {hosteltur2020,
    author = "HOSTELTUR",
    title  = "El turismo es el sector que más riqueza aporta a la economía espalola",
    month  = "aug",
    year   = "2020",
    url    = "https://www.hosteltur.com/130893_el-turismo-el-sector-que-mas-riqueza-aporta-a-la-economia-espanola.html"
}

@ONLINE {raspberrypi,
    author = "Raspberry Pi",
    title  = "Raspberry Pi Zero W",
    url    = "https://www.raspberrypi.org/products/raspberry-pi-zero-w/"
}

@ONLINE {eternoir2019,
    author = "eternoir",
    title  = "PiTelegramBotApi",
    month  = "jun",
    year   = "2019",
    url    = "https://github.com/eternnoir/pyTelegramBotAPI"
}
