@ONLINE {hosteltur2020,
    author = "HOSTELTUR",
    title  = "El turismo es el sector que más riqueza aporta a la economía espalola",
    month  = "8",
    year   = "2020",
    url    = "https://www.hosteltur.com/130893_el-turismo-el-sector-que-mas-riqueza-aporta-a-la-economia-espanola.html"
}

@ONLINE {juanjocerezo2018,
    author = "Juanjo Cerezo",
    title  = "Los apartamentos turísticos, a comerse el mercado",
    month  = "4",
    year   = "2018",
    url    = "https://www.ideal.es/datalab/apartamentos-turisticos-comerse-20180330182815-nt.html"
}

@ONLINE {itreseller2019,
    author = "IT Reseller Tech\&Consulting",
    title  = "El 85 por ciento de los españoles hace uso de apps de mensajería",
    month  = "6",
    year   = "2019",
    url    = "https://www.itreseller.es/en-cifras/2019/06/el-85-de-los-espanoles-hace-uso-de-apps-de-mensajeria"
}
@ONLINE {samuelfernandez2019,
    author = "Samuel Fernández",
    title  = "Un 95,1\% de los españoles prefiere enviar un mensaje antes que llamar por teléfono, según Telefónica",
    month  = "4",
    year   = "2019",
    url    = "https://www.xatakamovil.com/movil-y-sociedad/solo-12-espanoles-sigue-usando-telefono-fijo-solo-24-usa-movil-para-llamar"
}
@ONLINE {andrewlittlefield2018,
    author = "Andrew Littlefield",
    title  = "Por Andrew Littlefield en 11/09/2018 en Productividad Guía de metodología Scrum y Administración ágil de proyectos para principiantes",
    month  = "9",
    year   = "2018",
    url    = "https://blog.trello.com/es/metodologia-scrum"
}
@ONLINE {redaccionapd2018,
    author = "Redacción APD",
    title  = "10 empresas afectadas por ciberataques que no imaginarías",
    month  = "7",
    year   = "2018",
    url    = "https://www.apd.es/empresas-afectadas-por-ciberataques/"
}
@ONLINE {tibipuiu2020,
    author = "Tibi Puiu",
    title  = "Who really invented the internet?",
    month  = "2",
    year   = "2020",
    url    = "https://www.zmescience.com/science/who-invented-the-internet-05264/"
}
@ONLINE {sorayapa2012,
    author = "Soraya Paniagua",
    title  = "Un poco de historia sobre el internet de las cosas",
    month  = "4",
    year   = "2012",
    url    = "https://www.sorayapaniagua.com/2012/04/15/un-poco-de-historia-sobre-internet-de-las-cosas/"
}
@ONLINE {rubenandres2019,
    author = "Rubén Andrés",
    title  = "Raspberry Pi: la historia de un mini-PC que se ha convertido en un éxito de masas",
    month  = "9",
    year   = "2019",
    url    = "https://computerhoy.com/reportajes/tecnologia/historia-raspberry-pi-482477"
}
@ONLINE {daveevans2011,
    author = "Dave Evans",
    title  = "Internet de las cosasCómo la próxima evolución de Internet lo cambia todo",
    month  = "4",
    year   = "2011",
    url    = "https://www.cisco.com/c/dam/global/es_mx/solutions/executive/assets/pdf/internet-of-things-iot-ibsg.pdf"
}
@ONLINE {martinfernandez2017,
    author = "Martín Fernandez",
    title  = "Esto es lo que se espera del IoT para el 2020",
    month  = "2",
    year   = "2017",
    url    = "http://blog.sitrack.com/esto-es-lo-que-se-espera-del-iot-para-el-2020"
}
@ONLINE {elenasantos2018,
    author = "Elena Santos",
    title  = "Los 13 mejores bots que puedes añadir a Telegram",
    month  = "7",
    year   = "2018",
    url    = "https://www.genbeta.com/mensajeria-instantanea/los-13-mejores-bots-que-puedes-anadir-a-telegram"
}
@ONLINE {albertoiglesiasfraga2019,
    author = "Alberto Iglesias Fraga",
    title  = "Los asistentes inteligentes por voz se triplicarán en los próximos cinco años, según los expertos",
    month  = "2",
    year   = "2019",
    url    = "https://www.businessinsider.es/habra-8000-millones-asistentes-virtuales-2023-374223"
}
@ONLINE {scrumguide,
    author = "Ken Schwaber and Jeff Sutherland",
    title  = "The Scrum Guide\texttrademark{} -- The Definitive Guide to Scrum: The Rules of the Game",
    month  = "7",
    year   = "2016",
    url    = "http://www.scrumguides.org/docs/scrumguide/v2016/2016-Scrum-Guide-US.pdf"
}